
@book{Singh2004,
    title = {Environmental Microbiology and Biotechnology},
    author = {Singh, D. P. and S. K. Dwivedi},
    isbn = {81-224-1510-5},
    year = {2004},
    publisher = {New Age International Publishers},
    address = {New Delhi}
} 

@article{Beja2000,
                      author = {Béjà, Oded and L. Aravind and Eugene V. Koonin and Marcelino T. Suzuki and Andrew Hadd and Linh P. Nguyen and Stevan B. Jovanovich and et. al},
                      title = {Bacterial Rhodopsin: Evidence for a New Type of Phototrophy in the Sea},
                      journal = {Science},
                      volume = {289},
                      issue = {5486},
                      pages = {1902-6},
                      year = {2000},
                      DOI = {10.1126/science.289.5486.1902},
                      }
                      
@article{Rondon2000,
                      author = {Rondon, Michelle R. and Paul R. August and Alan D. Bettermann and Sean F. Brady and Trudy H. Grossman and Mark R. Liles and Kara A. Loiacono and et al.},
                      title = {Cloning the Soil Metagenome: A Strategy for Accessing the Genetic and Functional Diversity of Uncultured Microorganisms},
                      journal = {Applied and Environmental Microbiology},
                      volume = {66},
                      issue = {6},
                      pages = {2541-7},
                      year = {2000},
                      DOI = {10.1128/AEM.66.6.2541-2547.2000},
		     }    


@article{Nesbo2005,
                      author = {Nesbø, Camilla L. and Yan Boucher and Marlena Dlutek and W. Ford Doolittle},
                      title = {Lateral Gene Transfer and Phylogenetic Assignment of Environmental Fosmid Clones},
                      journal = {Environmental Microbiology},
                      volume = {7},
                      issue = {12},
                      pages = {2011-26},
                      year = {2005},
                      DOI = {10.1111/j.1462-2920.2005.00918.x},     
                      }             

@article{Fierer2014,
                       author = {Fierer, Noah and Albert Barberán and Daniel C. Laughlin},
                       title = {Seeing the Forest for the Genes: Using Metagenomics to Infer the Aggregated Traits of Microbial Communities},
                       journal = {Frontiers in Microbiology},
                       volume = {5},
                       pages = {614},
                       year = {2014},
                       DOI = {10.3389/fmicb.2014.00614},
                      }

@article{Sunagawa2015,
                      author = {Sunagawa, Shinichi and Luis Pedro Coelho and Samuel Chaffron and Jens Roat Kultima and Karine Labadie and Guillem Salazar and Bardya Djahanschiri and et al.},
                      title = {Structure and Function of the Global Ocean Microbiome},
                      journal = {Science},
                      volume = {348},
                      issue = {6237},
                      pages = {1261359},
                      year = {2015},
                      DOI = {10.1126/science.1261359},
                      }



